// PAPER ======================================================

@misc{gitlab,
    title = "Gitlab: Thesis Repository",
    url  = "https://gitlab.ti.bfh.ch/cpvr-students/cloud-shader"
}
@misc{roundshot,
    title = "Seitz: 360Â° Roundshot camera system",
    url  = "https://www.roundshot.com/"
}
@misc{meteoblue,
    title = "Meteoblue: weather data packages",
    url  = "https://docs.meteoblue.com/en/apis/weather-data/introduction"
}
@misc{swisstopo,
    title = "Swisstopo: Elevation models",
    url  = "https://www.swisstopo.admin.ch/en/geodata/height.html"
}
@misc{cloudtypes,
    title = "Observing clouds and weather - Cloud types",
    url  = "https://www.sciencelearn.org.nz/resources/628-observing-clouds-and-weather",
    year = "2014",
    note="[Online; accessed April 07, 2021]"
}
@misc{swisstopo:free,
    title = "Swisstopo: Free geodata udpate",
    url  = "https://shop.swisstopo.admin.ch/en/products/free_geodata",
    year = "2021",
    note="[Online; accessed March 15, 2021]"
}
@misc{meteoblue:basic1h,
    title = "Meteoblue: basic 1h packages",
    url  = "https://docs.meteoblue.com/en/apis/weather-data/packages-api#basic",
    note="[Online; accessed March 02, 2021]"
}
@misc{bantiger,
    title = "Roundshot camera: Bantiger",
    url  = "https://bantiger.roundshot.com/",
    note="[Online; accessed April 07, 2021]"
}
@misc{gurtenpark,
    title = "Roundshot camera: Gurtenpark",
    url  = "https://gurtenpark.roundshot.com/",
    note="[Online; accessed April 07, 2021]"
}
@misc{img:rendered:clouds01,
    title = "Rendered image of volumetric clouds",
    url  = "https://www.gosunoob.com/guides/change-live-weather-problems-in-flight-simulator-2020/",
    year = "2020",
    note="[Online; accessed March 09, 2021]"
}
// END PAPER ======================================================