// SPECIFICATION ======================================================

@misc{gitlab,
    title = "Gitlab: Thesis Repository",
    url  = "https://gitlab.ti.bfh.ch/cpvr-students/cloud-shader"
}
@misc{roundshot,
    title = "Seitz: 360Â° Roundshot camera system",
    url  = "https://www.roundshot.com/"
}
@misc{meteoblue,
    title = "Meteoblue: weather data packages",
    url  = "https://docs.meteoblue.com/en/apis/weather-data/introduction"
}
@misc{bantiger,
    title = "Roundshot camera: Bantiger",
    url  = "https://bantiger.roundshot.com/"
}
@misc{gurtenpark,
    title = "Roundshot camera: Gurtenpark",
    url  = "https://gurtenpark.roundshot.com/"
}
@misc{img:rendered:clouds01,
    title = "Rendered image of volumetric clouds",
    url  = "https://www.gosunoob.com/guides/change-live-weather-problems-in-flight-simulator-2020/"
}

@misc{img:photo:clouds01,
    title = "Photographic reference of clouds",
    url  = "https://bantiger.roundshot.com/"
}
// END SPECIFICATION ======================================================





// PAPER  ======================================================



// END PAPER  ======================================================